
@incollection{hetzlGraphTheoreticApproach2005,
  title = {A {{Graph}}–{{Theoretic Approach}} to {{Steganography}}},
  booktitle = {Communications and {{Multimedia Security}}},
  author = {Hetzl, Stefan and Mutzel, Petra},
  editor = {Dittmann, Jana and Katzenbeisser, Stefan and Uhl, Andreas},
  date = {2005},
  series = {Lecture {{Notes}} in {{Computer Science}}},
  volume = {3677},
  pages = {119--128},
  publisher = {{Springer Berlin Heidelberg}},
  location = {{Berlin, Heidelberg}},
  doi = {10.1007/11552055_12},
  url = {http://link.springer.com/10.1007/11552055_12},
  urldate = {2021-12-09},
  editorb = {Hutchison, David and Kanade, Takeo and Kittler, Josef and Kleinberg, Jon M. and Mattern, Friedemann and Mitchell, John C. and Naor, Moni and Nierstrasz, Oscar and Pandu Rangan, C. and Steffen, Bernhard and Sudan, Madhu and Terzopoulos, Demetri and Tygar, Dough and Vardi, Moshe Y. and Weikum, Gerhard},
  editorbtype = {redactor},
  isbn = {978-3-540-28791-9 978-3-540-31978-8},
  file = {/home/michael/Zotero/storage/TX6EUINI/Hetzl and Mutzel - 2005 - A Graph–Theoretic Approach to Steganography.pdf}
}

@misc{munroeXkcd538Security,
  title = {Xkcd 538: Security},
  author = {Munroe, Randall},
  url = {https://xkcd.com/538/},
  urldate = {2021-12-09},
  langid = {english}
}

@report{rfc8017,
  type = {RFC},
  title = {{{PKCS}} \#1: {{RSA Cryptography Specifications Version}} 2.2},
  author = {Moriarty, K and Kaliski, B and Jonsson, J and Rusch, A},
  date = {2016-11},
  number = {8017},
  institution = {{Internet Engineering Task Force (IETF)}},
  url = {https://tools.ietf.org/html/rfc8017}
}


