
@article{demontjoyeUniqueShoppingMall2015,
  title = {Unique in the Shopping Mall: {{On}} the Reidentifiability of Credit Card Metadata},
  shorttitle = {Unique in the Shopping Mall},
  author = {de Montjoye, Y.-A. and Radaelli, L. and Singh, V. K. and Pentland, A. S.},
  date = {2015-01-30},
  journaltitle = {Science},
  shortjournal = {Science},
  volume = {347},
  pages = {536--539},
  issn = {0036-8075, 1095-9203},
  doi = {10.1126/science.1256297},
  url = {https://www.sciencemag.org/lookup/doi/10.1126/science.1256297},
  urldate = {2021-09-23},
  file = {/home/michael/Zotero/storage/52B5LSLR/de Montjoye et al. - 2015 - Unique in the shopping mall On the reidentifiabil.pdf},
  langid = {english},
  number = {6221},
  options = {useprefix=true}
}

@online{fribergUltrasonicBeaconsSilent2017,
  title = {Ultrasonic Beacons: {{A}} Silent Threat to Your Privacy},
  author = {Friberg, Elle},
  date = {2017-05-15},
  url = {https://nordvpn.com/blog/ultrasonic-beacons-privacy-threatening-sound-of-silence/},
  urldate = {2021-09-23}
}

@article{newmanHowBlockUltrasonic2016,
  title = {How to {{Block}} the {{Ultrasonic Signals You Didn}}'t {{Know Were Tracking You}}},
  author = {Newman, Lily Hay},
  date = {2016-11-03},
  journaltitle = {wired.com},
  url = {https://www.wired.com/2016/11/block-ultrasonic-signals-didnt-know-tracking/},
  urldate = {2021-09-23},
  entrysubtype = {newspaper}
}

@article{solonDataFingerprintWhy2018,
  title = {Data Is a Fingerprint': Why You Aren't as Anonymous as You Think Online},
  author = {Solon, Olivia},
  date = {2018-07-13},
  journaltitle = {theguardian.com},
  url = {https://www.theguardian.com/world/2018/jul/13/anonymous-browsing-data-medical-records-identity-privacy},
  urldate = {2021-09-23},
  entrysubtype = {newspaper}
}

@article{stankovicMeasuringEnergyIntensity2016,
  title = {Measuring the Energy Intensity of Domestic Activities from Smart Meter Data},
  author = {Stankovic, L. and Stankovic, V. and Liao, J. and Wilson, C.},
  date = {2016-12},
  journaltitle = {Applied Energy},
  shortjournal = {Applied Energy},
  volume = {183},
  pages = {1565--1580},
  issn = {03062619},
  doi = {10.1016/j.apenergy.2016.09.087},
  url = {https://linkinghub.elsevier.com/retrieve/pii/S0306261916313897},
  urldate = {2021-09-23},
  file = {/home/michael/Zotero/storage/MKII7QRN/Stankovic et al. - 2016 - Measuring the energy intensity of domestic activit.pdf},
  langid = {english}
}

@article{starrYourSmartElectricity2017,
  title = {Your Smart Electricity Meter Could Be a Security Risk},
  author = {Starr, Michelle},
  date = {2017-04-26},
  journaltitle = {cnet.com},
  url = {https://www.cnet.com/tech/services-and-software/your-smart-electricity-meter-could-be-a-security-risk/},
  urldate = {2021-09-23},
  entrysubtype = {newspaper}
}


