
@misc{nzzgeneralsekretariat/datenschutzverantwortlicherNZZDatenschutzerklaerung,
  title = {NZZ Datenschutzerkl√§rung},
  author = {{NZZ Generalsekretariat / Datenschutzverantwortlicher}},
  url = {https://www.nzz.ch/information/datenschutzerklaerung-ld.1388065},
  urldate = {2021-09-30},
  langid = {german}
}

@misc{universityofbernUniBEMobilePrivacy,
  title = {{{UniBE Mobile Privacy Policy}}},
  author = {{University of Bern}},
  url = {https://www.uni-app.unibe.ch/the_app/privacy_policy/index_eng.html},
  urldate = {2021-09-30},
  langid = {english}
}


